@Manual{eco,
    title = {eco: R Package for Fitting Bayesian Models of Ecological Inference in 2x2 Tables},
    author = {Kosuke Imai and Ying Lu},
    year = {2005},
    url = {http://imai.princeton.edu/research/eco.html},
}

@Manual{coda,
    title = {coda: Output analysis and diagnostics for MCMC},
    author = {Martyn Plummer and Nicky Best and Kate Cowles and Karen Vines},
    year = {2006}
  }


@Manual{MCMCpack,
    title = {MCMCpack: Markov chain Monte Carlo (MCMC) Package},
    author = {Andrew D. Martin and Kevin M. Quinn},
    year = {2005},
    url = {http://mcmcpack.wustl.edu},
}

@article{RosJiaKin01,
  author =	 {Ori Rosen and Wenxin Jiang and Gary King and Martin
                  A. Tanner},
  title =	 {Bayesian and Frequentist Inference for Ecological
                  Inference: The ${R} \times {C}$ Case},
  journal =	 {Statistica Neerlandica},
  volume =	 {55},
  year =	 {2001},
  pages =	 {134--156},
  number =	 {2}
}

@article{DunDav53,
	author={Otis Dudley Duncan and Beverley Davis},
	title={An Alternative to Ecological Correlation},
	journal={American Sociological Review},
	volume= {18},
	year= {1953},
	pages={665-666}
}

@article{Goodman53,
	author={Leo Goodman},
	title={Ecological Regressions and the Behavior of Individuals},
	journal={American Sociological Review},
	volume= {18},
	year= {1953},
	pages={663--664}
}


@article{Robinson50,
	author = {William S. Robinson},
	journal = {American Sociological Review},
	title = {Ecological correlations and the behavior of individuals},
	volume = {15},
	year = {1950},
	pages = {351--357}
}


@article{Cho01,
	author = {Wendy Tam Cho and Albert H. Yoon},
	journal = {Cornell Journal of Law and Public Policy},
	title = {Strange bedfellows: Politics, courts and statistics:
Statistical expert testimony in voting rights cases},
	volume = {10},
	year = {2001},
	pages = {237--264}
}


@InCollection{Grofman00,
  author = 	 {Bernard Grofman},
  title = 	 {A Primer on Racial Bloc Voting Analysis},
  booktitle = 	 {The Real {Y}2{K} Problem: Census 2000 Data and Redistricting Technology},
  OPTcrossref =  {},
  OPTkey = 	 {},
  OPTpages = 	 {},
  publisher =    {Brennan Center for Justice},
  year = 	 {2000},
  editor = 	 {Nathaniel Persily},
  OPTvolume = 	 {},
  OPTnumber = 	 {},
  OPTseries = 	 {},
  OPTtype = 	 {},
  OPTchapter = 	 {},
  address = 	 {New York},
  OPTedition = 	 {},
  OPTmonth = 	 {},
  OPTnote = 	 {},
  OPTannote = 	 {}
}

@article{MartinQuinn06,
	author = {Andrew D. Martin and Kevin M. Quinn},
	journal = {R News},
	title = {Applied {B}ayesian inference in {R} using {MCMC}pack},
	volume = {6},
        issue = {1},
	year = {2006},
	pages = {2--7}
}

@article{PlummerEtal06,
	author = {Martyn Plummer and  Nicky Best and Kate Cowles and Karen Vines},
	journal = {R News},
	title = {{CODA}: Convergence diagnostics and output analysis for
{MCMC}},
	volume = {6},
        issue = {1},
	year = {2006},
	pages = {7--11}
}

@article{Wakefield04,
	author = {Jon Wakefield},
	journal = {Journal of the Royal Statistical Society},
	title = {Ecological inference for 2 $\times$ 2 tables (with discussion)},
	volume = {167},
	year = {2004},
	pages = {385--445}
}
